
@article{Allouche2006AssAcc,
  title = {Assessing the Accuracy of Species Distribution Models: Prevalence, Kappa and the True Skill Statistic ({{TSS}})},
  author = {Allouche, Omri and Tsoar, Asaf and Kadmon, Ronen},
  year = {2006},
  journal = {Journal of Applied Ecology},
  volume = {43},
  number = {6},
  pages = {1223--1232},
  issn = {1365-2664},
  doi = {10.1111/j.1365-2664.2006.01214.x},
  langid = {english}
}

@article{Balayla2020PreThr,
  title = {Prevalence Threshold ({$\Phi$}e) and the Geometry of Screening Curves},
  author = {Balayla, Jacques},
  year = {2020},
  journal = {PLoS ONE},
  volume = {15},
  number = {10},
  pages = {e0240215},
  issn = {1932-6203},
  doi = {10.1371/journal.pone.0240215},
  pmcid = {PMC7540853}
}

@article{Beauchesne2016ThiOut,
  title = {Thinking {{Outside}} the {{Box}}\textendash Predicting {{Biotic Interactions}} in {{Data-poor Environments}}},
  author = {Beauchesne, David and {Desjardins-Proulx} and Archambault, Philippe and Gravel, Dominique},
  year = {2016},
  journal = {Vie et milieu-life and enVironment},
  volume = {66},
  number = {3-4},
  pages = {333--342}
}

@article{Bezanson2017JulFre,
  title = {Julia: {{A Fresh Approach}} to {{Numerical Computing}}},
  author = {Bezanson, J. and Edelman, A. and Karpinski, S. and Shah, V.},
  year = {2017},
  journal = {SIAM Review},
  volume = {59},
  number = {1},
  pages = {65--98},
  issn = {0036-1445},
  doi = {10.1137/141000671}
}

@article{Blaom2020FleMod,
  title = {Flexible Model Composition in Machine Learning and Its Implementation in {{MLJ}}},
  author = {Blaom, Anthony D. and Vollmer, Sebastian J.},
  year = {2020},
  journal = {arXiv:2012.15505 [cs]},
  eprint = {2012.15505},
  eprinttype = {arxiv},
  primaryclass = {cs},
  archiveprefix = {arXiv}
}

@article{Blaom2020MljJul,
  title = {{{MLJ}}: {{A Julia}} Package for Composable Machine Learning},
  author = {Blaom, Anthony D. and Kiraly, Franz and Lienart, Thibaut and Simillides, Yiannis and Arenas, Diego and Vollmer, Sebastian J.},
  year = {2020},
  journal = {Journal of Open Source Software},
  volume = {5},
  number = {55},
  pages = {2704},
  issn = {2475-9066},
  doi = {10.21105/joss.02704},
  langid = {english}
}

@article{Boughorbel2017OptCla,
  title = {Optimal Classifier for Imbalanced Data Using {{Matthews Correlation Coefficient}} Metric},
  author = {Boughorbel, Sabri and Jarray, Fethi and {El-Anbari}, Mohammed},
  year = {2017},
  journal = {PloS One},
  volume = {12},
  number = {6},
  pages = {e0177678},
  issn = {1932-6203},
  doi = {10.1371/journal.pone.0177678},
  langid = {english},
  pmcid = {PMC5456046}
}

@article{Branco2015SurPre,
  title = {A {{Survey}} of {{Predictive Modelling}} under {{Imbalanced Distributions}}},
  author = {Branco, Paula and Torgo, Luis and Ribeiro, Rita},
  year = {2015},
  journal = {arXiv:1505.01658 [cs]},
  eprint = {1505.01658},
  eprinttype = {arxiv},
  primaryclass = {cs},
  archiveprefix = {arXiv}
}

@article{Chicco2020AdvMat,
  title = {The Advantages of the {{Matthews}} Correlation Coefficient ({{MCC}}) over {{F1}} Score and Accuracy in Binary Classification Evaluation},
  author = {Chicco, Davide and Jurman, Giuseppe},
  year = {2020},
  journal = {BMC genomics},
  volume = {21},
  number = {1},
  pages = {6},
  issn = {1471-2164},
  doi = {10.1186/s12864-019-6413-7},
  langid = {english},
  pmcid = {PMC6941312}
}

@article{Chicco2021MatCor,
  title = {The {{Matthews}} Correlation Coefficient ({{MCC}}) Is More Reliable than Balanced Accuracy, Bookmaker Informedness, and Markedness in Two-Class Confusion Matrix Evaluation},
  author = {Chicco, Davide and T{\"o}tsch, Niklas and Jurman, Giuseppe},
  year = {2021},
  journal = {BioData Mining},
  volume = {14},
  pages = {13},
  issn = {1756-0381},
  doi = {10.1186/s13040-021-00244-z},
  pmcid = {PMC7863449}
}

@article{DallaRiva2015ExpEvo,
  title = {Exploring the Evolutionary Signature of Food Webs' Backbones Using Functional Traits},
  author = {Dalla Riva, Giulio V. and Stouffer, Daniel B.},
  year = {2015},
  journal = {Oikos},
  volume = {125},
  number = {4},
  pages = {446--456},
  doi = {10.1111/oik.02305}
}

@inproceedings{Davis2006RelPre,
  title = {The Relationship between {{Precision-Recall}} and {{ROC}} Curves},
  booktitle = {Proceedings of the 23rd International Conference on {{Machine}} Learning},
  author = {Davis, Jesse and Goadrich, Mark},
  year = {2006},
  series = {{{ICML}} '06},
  pages = {233--240},
  publisher = {{Association for Computing Machinery}},
  address = {{New York, NY, USA}},
  doi = {10.1145/1143844.1143874},
  isbn = {978-1-59593-383-6}
}

@article{deAguiar2019RevBia,
  title = {Revealing Biases in the Sampling of Ecological Interaction Networks},
  author = {{de Aguiar}, Marcus A.M. and Newman, Erica A. and Pires, Mathias M. and Yeakel, Justin D. and Boettiger, Carl and Burkle, Laura A. and Gravel, Dominique and Guimar{\~a}es, Paulo R. and O'Donnell, James L. and Poisot, Timoth{\'e}e and Fortin, Marie-Jos{\'e}e and Hembry, David H.},
  year = {2019},
  journal = {PeerJ},
  volume = {7},
  pages = {e7566},
  issn = {2167-8359},
  doi = {10.7717/peerj.7566},
  langid = {english}
}

@article{Delgado2019WhyCoh,
  title = {Why {{Cohen}}'s {{Kappa}} Should Be Avoided as Performance Measure in Classification},
  author = {Delgado, Rosario and Tibau, Xavier-Andoni},
  year = {2019},
  journal = {PloS One},
  volume = {14},
  number = {9},
  pages = {e0222916},
  issn = {1932-6203},
  doi = {10.1371/journal.pone.0222916},
  langid = {english},
  pmcid = {PMC6762152}
}

@article{Ferri2009ExpCom,
  title = {An Experimental Comparison of Performance Measures for Classification},
  author = {Ferri, C. and {Hern{\'a}ndez-Orallo}, J. and Modroiu, R.},
  year = {2009},
  journal = {Pattern Recognition Letters},
  volume = {30},
  number = {1},
  pages = {27--38},
  issn = {0167-8655},
  doi = {10.1016/j.patrec.2008.08.010},
  langid = {english}
}

@book{He2013ImbLea,
  title = {Imbalanced {{Learning}}: {{Foundations}}, {{Algorithms}}, and {{Applications}}},
  editor = {He, Haibo and Ma, Yunqian},
  year = {2013},
  edition = {1st edition},
  publisher = {{Wiley-IEEE Press}},
  address = {{Hoboken, New Jersey}},
  isbn = {978-1-118-07462-6},
  langid = {english}
}

@article{Inman2021ComSam,
  title = {Comparing Sample Bias Correction Methods for Species Distribution Modeling Using Virtual Species},
  author = {Inman, Richard and Franklin, Janet and Esque, Todd and Nussear, Kenneth},
  year = {2021},
  journal = {Ecosphere},
  volume = {12},
  number = {3},
  pages = {e03422},
  issn = {2150-8925},
  doi = {10.1002/ecs2.3422},
  langid = {english}
}

@article{Iturbide2015FraSpe,
  title = {A Framework for Species Distribution Modelling with Improved Pseudo-Absence Generation},
  author = {Iturbide, Maialen and Bedia, Joaqu{\'i}n and Herrera, Sixto and {del Hierro}, Oscar and Pinto, Miriam and Guti{\'e}rrez, Jose Manuel},
  year = {2015},
  journal = {Ecological Modelling},
  volume = {312},
  pages = {166--174},
  issn = {0304-3800},
  doi = {10.1016/j.ecolmodel.2015.05.018},
  langid = {english}
}

@incollection{Japkowicz2013AssMet,
  title = {Assessment {{Metrics}} for {{Imbalanced Learning}}},
  booktitle = {Imbalanced {{Learning}}},
  author = {Japkowicz, Nathalie},
  year = {2013},
  pages = {187--206},
  publisher = {{John Wiley \& Sons, Ltd}},
  doi = {10.1002/9781118646106.ch8},
  chapter = {8},
  isbn = {978-1-118-64610-6},
  langid = {english}
}

@inproceedings{Jeni2013FacImb,
  title = {Facing {{Imbalanced Data}}\textendash{{Recommendations}} for the {{Use}} of {{Performance Metrics}}},
  booktitle = {2013 {{Humaine Association Conference}} on {{Affective Computing}} and {{Intelligent Interaction}}},
  author = {Jeni, L{\'a}szl{\'o} A. and Cohn, Jeffrey F. and De La Torre, Fernando},
  year = {2013},
  pages = {245--251},
  issn = {2156-8111},
  doi = {10.1109/ACII.2013.47}
}

@article{Jordano2016ChaEco,
  title = {Chasing {{Ecological Interactions}}},
  author = {Jordano, Pedro},
  year = {2016},
  journal = {PLOS Biol},
  volume = {14},
  number = {9},
  pages = {e1002559},
  issn = {1545-7885},
  doi = {10.1371/journal.pbio.1002559}
}

@article{Jordano2016SamNet,
  title = {Sampling Networks of Ecological Interactions},
  author = {Jordano, Pedro},
  year = {2016},
  journal = {Functional Ecology},
  issn = {02698463},
  doi = {10.1111/1365-2435.12763},
  langid = {english}
}

@article{Landis1977MeaObs,
  title = {The {{Measurement}} of {{Observer Agreement}} for {{Categorical Data}}},
  author = {Landis, J. Richard and Koch, Gary G.},
  year = {1977},
  journal = {Biometrics},
  volume = {33},
  number = {1},
  pages = {159--174},
  publisher = {{[Wiley, International Biometric Society]}},
  issn = {0006-341X},
  doi = {10.2307/2529310}
}

@article{MacDonald2020RevLin,
  title = {Revisiting the {{Links-Species Scaling Relationship}} in {{Food Webs}}},
  author = {MacDonald, Arthur Andrew Meahan and Banville, Francis and Poisot, Timoth{\'e}e},
  year = {2020},
  journal = {Patterns},
  volume = {1},
  number = {0},
  publisher = {{Elsevier}},
  issn = {2666-3899},
  doi = {10.1016/j.patter.2020.100079},
  langid = {english}
}

@article{McLeod2021SamAsy,
  title = {Sampling and Asymptotic Network Properties of Spatial Multi-Trophic Networks},
  author = {McLeod, Anne and Leroux, Shawn J. and Gravel, Dominique and Chu, Cindy and Cirtwill, Alyssa R. and Fortin, Marie-Jos{\'e}e and Galiana, N{\'u}ria and Poisot, Timoth{\'e}e and Wood, Spencer A.},
  year = {2021},
  journal = {Oikos},
  volume = {n/a},
  number = {n/a},
  issn = {1600-0706},
  doi = {10.1111/oik.08650},
  langid = {english}
}

@article{Poisot2021GloKno,
  title = {Global Knowledge Gaps in Species Interaction Networks Data},
  author = {Poisot, Timoth{\'e}e and Bergeron, Gabriel and Cazelles, Kevin and Dallas, Tad and Gravel, Dominique and MacDonald, Andrew and Mercier, Benjamin and Violet, Cl{\'e}ment and Vissault, Steve},
  year = {2021},
  journal = {Journal of Biogeography},
  pages = {jbi.14127},
  issn = {0305-0270, 1365-2699},
  doi = {10.1111/jbi.14127},
  langid = {english}
}

@article{Poisot2021ImpMam,
  title = {Imputing the Mammalian Virome with Linear Filtering and Singular Value Decomposition},
  author = {Poisot, Timoth{\'e}e and Ouellet, Marie-Andr{\'e}e and Mollentze, Nardus and Farrell, Maxwell J. and Becker, Daniel J. and Albery, Gregory F. and Gibb, Rory J. and Seifert, Stephanie N. and Carlson, Colin J.},
  year = {2021},
  journal = {arXiv:2105.14973 [q-bio]},
  eprint = {2105.14973},
  eprinttype = {arxiv},
  primaryclass = {q-bio},
  archiveprefix = {arXiv}
}

@article{Pomeranz2018InfPre,
  title = {Inferring Predator-Prey Interactions in Food Webs},
  author = {Pomeranz, Justin PF and Thompson, Ross M. and Poisot, Timoth{\'e}e and Harding, Jon S.},
  year = {2018},
  journal = {Methods in Ecology and Evolution},
  volume = {0},
  number = {ja},
  issn = {2041-210X},
  doi = {10.1111/2041-210X.13125},
  langid = {english}
}

@article{Saito2015PrePlo,
  title = {The {{Precision-Recall Plot Is More Informative}} than the {{ROC Plot When Evaluating Binary Classifiers}} on {{Imbalanced Datasets}}},
  author = {Saito, Takaya and Rehmsmeier, Marc},
  year = {2015},
  journal = {PLOS ONE},
  volume = {10},
  number = {3},
  pages = {e0118432},
  issn = {1932-6203},
  doi = {10.1371/journal.pone.0118432},
  langid = {english}
}

@article{Schisterman2005OptCut,
  title = {Optimal {{Cut-point}} and {{Its Corresponding Youden Index}} to {{Discriminate Individuals Using Pooled Blood Samples}}},
  author = {Schisterman, Enrique F. and Perkins, Neil J. and Liu, Aiyi and Bondell, Howard},
  year = {2005},
  journal = {Epidemiology},
  volume = {16},
  number = {1},
  pages = {73--81},
  issn = {1044-3983},
  doi = {10.1097/01.ede.0000147512.81966.ba},
  langid = {american}
}

@article{Somodi2017PreDep,
  title = {Prevalence Dependence in Model Goodness Measures with Special Emphasis on True Skill Statistics},
  author = {Somodi, Imelda and Lepesi, Nikolett and Botta-Duk{\'a}t, Zolt{\'a}n},
  year = {2017},
  journal = {Ecology and Evolution},
  volume = {7},
  number = {3},
  pages = {863--872},
  issn = {2045-7758},
  doi = {10.1002/ece3.2654},
  pmcid = {PMC5288248}
}

@article{Staniczenko2013GhoNes,
  ids = {StanKopp13a},
  title = {The Ghost of Nestedness in Ecological Networks},
  author = {Staniczenko, Phillip P. A. and Kopp, Jason C. and Allesina, Stefano},
  year = {2013},
  journal = {Nature Communications},
  volume = {4},
  number = {1},
  pages = {1391},
  issn = {2041-1723},
  doi = {10.1038/ncomms2422},
  langid = {english}
}

@article{Steen2021SpaThi,
  title = {Spatial Thinning and Class Balancing: {{Key}} Choices Lead to Variation in the Performance of Species Distribution Models with Citizen Science Data},
  author = {Steen, Valerie A. and Tingley, Morgan W. and Paton, Peter W. C. and Elphick, Chris S.},
  editor = {McPherson, Jana},
  year = {2021},
  journal = {Methods in Ecology and Evolution},
  volume = {12},
  number = {2},
  pages = {216--226},
  issn = {2041-210X, 2041-210X},
  doi = {10.1111/2041-210X.13525},
  langid = {english}
}

@article{Stock2021DisInf,
  title = {Disentangling the {{Information}} in {{Species Interaction Networks}}},
  author = {Stock, Michiel and Hoebeke, Laura and De Baets, Bernard},
  year = {2021},
  journal = {Entropy},
  volume = {23},
  number = {6},
  pages = {703},
  publisher = {{Multidisciplinary Digital Publishing Institute}},
  doi = {10.3390/e23060703},
  langid = {english}
}

@misc{Strydom2021FooWeb,
  title = {Food Web Reconstruction through Phylogenetic Transfer of Low-Rank Network Representation},
  author = {Strydom, Tanya and Bouskila, Salom{\'e} and Banville, Francis and Barros, Cerres and Caron, Dominique and Farrell, Maxwell J. and Fortin, Marie-Jos{\'e}e and Hemming, Victoria and Mercier, Benjamin and Pollock, Laura and Runghen, Rogini and Riva, Giulio Valentino Dalla and Poisot, Timoth{\'e}e},
  year = {2021},
  institution = {{EcoEvoRxiv}},
  doi = {10.32942/osf.io/y7sdz}
}

@article{Strydom2021RoaPre,
  title = {A Roadmap towards Predicting Species Interaction Networks (across Space and Time)},
  author = {Strydom, Tanya and Catchen, Michael D. and Banville, Francis and Caron, Dominique and Dansereau, Gabriel and {Desjardins-Proulx}, Philippe and {Forero-Mu{\~n}oz}, Norma R. and Higino, Gracielle and Mercier, Benjamin and Gonzalez, Andrew and Gravel, Dominique and Pollock, Laura and Poisot, Timoth{\'e}e},
  year = {2021},
  journal = {Philosophical Transactions of the Royal Society B: Biological Sciences},
  volume = {376},
  number = {1837},
  pages = {20210063},
  doi = {10.1098/rstb.2021.0063}
}

@article{Strydom2021SvdEnt,
  title = {{{SVD Entropy Reveals}} the {{High Complexity}} of {{Ecological Networks}}},
  author = {Strydom, Tanya and Dalla Riva, Giulio V. and Poisot, Timoth{\'e}e},
  year = {2021},
  journal = {Frontiers in Ecology and Evolution},
  volume = {9},
  publisher = {{Frontiers}},
  issn = {2296-701X},
  doi = {10.3389/fevo.2021.623141},
  langid = {english}
}

@article{Thompson1999EffSea,
  title = {The {{Effect}} of {{Seasonal Variation}} on the {{Community Structure}} and {{Food-Web Attributes}} of {{Two Streams}}: {{Implications}} for {{Food-Web Science}}},
  author = {Thompson, Ross M. and Townsend, Colin R.},
  year = {1999},
  journal = {Oikos},
  volume = {87},
  number = {1},
  pages = {75--88},
  publisher = {{[Nordic Society Oikos, Wiley]}},
  issn = {0030-1299},
  doi = {10.2307/3546998}
}

@article{Thompson2004LanUse,
  title = {Land-use Influences on {{New Zealand}} Stream Communities: {{Effects}} on Species Composition, Functional Organisation, and Food-web Structure},
  author = {Thompson, R. M. and Townsend, C. R.},
  year = {2004},
  journal = {New Zealand Journal of Marine and Freshwater Research},
  volume = {38},
  number = {4},
  pages = {595--608},
  publisher = {{Taylor \& Francis}},
  issn = {0028-8330},
  doi = {10.1080/00288330.2004.9517265}
}

@article{Weitz2005CoeArm,
  title = {Coevolutionary Arms Races between Bacteria and Bacteriophage},
  author = {Weitz, J. S. and Hartman, H. and Levin, S. A.},
  year = {2005},
  journal = {Proceedings of the National Academy of Sciences of the United States of America},
  volume = {102},
  number = {27},
  pages = {9535--9540},
  issn = {0027-8424, 1091-6490},
  doi = {10.1073/pnas.0504062102},
  langid = {english}
}

@article{Whalen2021NavPit,
  title = {Navigating the Pitfalls of Applying Machine Learning in Genomics},
  author = {Whalen, Sean and Schreiber, Jacob and Noble, William S. and Pollard, Katherine S.},
  year = {2021},
  journal = {Nature Reviews Genetics},
  pages = {1--13},
  issn = {1471-0064},
  doi = {10.1038/s41576-021-00434-9},
  langid = {english}
}

@article{Williams2000SimRul,
  title = {Simple Rules Yield Complex Food Webs},
  author = {Williams, RJ and Martinez, ND},
  year = {2000},
  journal = {Nature},
  volume = {404},
  number = {March},
  pages = {180--183}
}

@article{Wood2015EffSpa,
  title = {Effects of Spatial Scale of Sampling on Food Web Structure},
  author = {Wood, Spencer A. and Russell, Roly and Hanson, Dieta and Williams, Richard J. and Dunne, Jennifer A.},
  year = {2015},
  journal = {Ecology and Evolution},
  volume = {5},
  number = {17},
  pages = {3769--3782},
  issn = {2045-7758},
  doi = {10.1002/ece3.1640},
  langid = {english}
}

@article{Youden1950IndRat,
  title = {Index for Rating Diagnostic Tests},
  author = {Youden, W. J.},
  year = {1950},
  journal = {Cancer},
  volume = {3},
  number = {1},
  pages = {32--35},
  issn = {1097-0142},
  doi = {10.1002/1097-0142(1950)3:1<32::AID-CNCR2820030106>3.0.CO;2-3},
  langid = {english}
}


